<record><leader>00000cas a2200000 i 4500</leader><controlfield tag="001">863427710</controlfield><controlfield tag="006">m     o  d        </controlfield><controlfield tag="007">cr |||||||||||</controlfield><controlfield tag="008">131120d18uu1920inuwr neo     0   a0eng  </controlfield><datafield ind1=" " ind2=" " tag="010"><subfield code="a">  2013272086</subfield></datafield><datafield ind1=" " ind2=" " tag="040"><subfield code="a">DLC</subfield><subfield code="b">eng</subfield><subfield code="e">rda</subfield><subfield code="c">DLC</subfield><subfield code="d">DLC</subfield><subfield code="d">OCLCF</subfield></datafield><datafield ind1="0" ind2=" " tag="022"><subfield code="a">2332-273X</subfield><subfield code="2">1</subfield></datafield><datafield ind1="1" ind2=" " tag="029"><subfield code="a">NZ1</subfield><subfield code="b">15282123</subfield></datafield><datafield ind1=" " ind2=" " tag="042"><subfield code="a">pcc</subfield><subfield code="a">nsdp</subfield></datafield><datafield ind1=" " ind2=" " tag="043"><subfield code="a">n-us-in</subfield></datafield><datafield ind1="1" ind2="0" tag="050"><subfield code="a">ISSN RECORD</subfield></datafield><datafield ind1="0" ind2="0" tag="082"><subfield code="a">071</subfield><subfield code="2">23</subfield></datafield><datafield ind1="0" ind2=" " tag="130"><subfield code="a">Winchester journal (Winchester, Ind. : 1868 : Online)</subfield></datafield><datafield ind1=" " ind2="4" tag="222"><subfield code="a">The Winchester journal</subfield><subfield code="b">(Winchester, Ind. 1868. Online)</subfield></datafield><datafield ind1="1" ind2="4" tag="245"><subfield code="a">The Winchester journal.</subfield></datafield><datafield ind1=" " ind2="1" tag="264"><subfield code="a">Winchester, Indiana :</subfield><subfield code="b">Beeson &amp; Marsh,</subfield><subfield code="c">-1920.</subfield></datafield><datafield ind1=" " ind2=" " tag="310"><subfield code="a">Weekly</subfield></datafield><datafield ind1=" " ind2=" " tag="336"><subfield code="a">text</subfield><subfield code="b">txt</subfield><subfield code="2">rdacontent</subfield></datafield><datafield ind1=" " ind2=" " tag="337"><subfield code="a">computer</subfield><subfield code="b">c</subfield><subfield code="2">rdamedia</subfield></datafield><datafield ind1=" " ind2=" " tag="338"><subfield code="a">online resource</subfield><subfield code="b">cr</subfield><subfield code="2">rdacarrier</subfield></datafield><datafield ind1="1" ind2=" " tag="362"><subfield code="a">Ceased March 10, 1920.</subfield></datafield><datafield ind1=" " ind2=" " tag="500"><subfield code="a">Publishers: Lytle &amp; Walkup, &lt;Jan. 6-Feb. 10, 1870&gt;; E.B. Walkup, &lt;Feb. 17-May 1870&gt;; Beeson &amp; Marsh, June 1870-1871; Amos C. Beeson, &lt;1871&gt;; Hodson &amp; Beeson, 1872-&lt;1876&gt;.</subfield></datafield><datafield ind1=" " ind2=" " tag="530"><subfield code="a">Also issued on microfilm from UMI.</subfield></datafield><datafield ind1=" " ind2=" " tag="588"><subfield code="a">Description based on: Vol. IX, no. 24 (June 9, 1870); title from masthead (Chroniclingamerica.loc.gov, viewed November 20, 2013).</subfield></datafield><datafield ind1=" " ind2=" " tag="588"><subfield code="a">Latest issue consulted: Vol. IX, no. 31 (July 28, 1870) (Chroniclingamerica.loc.gov, viewed November 20, 2013).</subfield></datafield><datafield ind1=" " ind2="0" tag="651"><subfield code="a">Winchester (Ind.)</subfield><subfield code="v">Newspapers.</subfield></datafield><datafield ind1=" " ind2="7" tag="655"><subfield code="a">Newspapers.</subfield><subfield code="2">fast</subfield><subfield code="0">(OCoLC)fst01423814</subfield></datafield><datafield ind1=" " ind2="7" tag="651"><subfield code="a">Indiana</subfield><subfield code="z">Winchester.</subfield><subfield code="2">fast</subfield><subfield code="0">(OCoLC)fst01255182</subfield></datafield><datafield ind1=" " ind2=" " tag="752"><subfield code="a">United States</subfield><subfield code="b">Indiana</subfield><subfield code="c">Randolph</subfield><subfield code="d">Winchester.</subfield></datafield><datafield ind1="0" ind2="8" tag="776"><subfield code="i">Originally issued in print:</subfield><subfield code="t">Winchester journal (Winchester, Ind. : 1868)</subfield><subfield code="x">2332-2721</subfield><subfield code="w">(DLC)sn 84038255</subfield><subfield code="w">(OCoLC)11266839</subfield></datafield><datafield ind1="0" ind2="0" tag="780"><subfield code="t">Randolph journal (Winchester, Ind. : 1865 : Online)</subfield></datafield><datafield ind1="0" ind2="7" tag="785"><subfield code="t">Winchester herald (Winchester, Ind. : Online)</subfield></datafield><datafield ind1="0" ind2="7" tag="785"><subfield code="t">Winchester journal-herald (Online)</subfield></datafield><datafield ind1="4" ind2="0" tag="856"><subfield code="u">http://www.loc.gov/chroniclingamerica/lccn/sn84038255/issues</subfield></datafield></record>